@article{tarjan1974note,
  title={A Note on Finding the Bridges of a Graph.},
  author={Tarjan, Robert Endre},
  year={1974}
}

@ONLINE{SCC,
author = {William Fiset},
title = {Tarjan's strongly connected components (SCC) algorithm},
month = feb,
year = {2012},
url = {https://www.youtube.com/watch?v=hKhLj7bfDKk}
}

@book{west_introduction_2000,
  added-at = {2009-10-12T12:20:34.000+0200},
  author = {West, Douglas B.},
  biburl = {https://www.bibsonomy.org/bibtex/27f7055c34dd93bc157fbe31a0c1e40de/cgray},
  edition = 2,
  interhash = {92218be6cec673a03e75c7a00a11f467},
  intrahash = {7f7055c34dd93bc157fbe31a0c1e40de},
  isbn = {0130144002},
  keywords = {graph-theory imported},
  month = {September},
  publisher = {Prentice Hall},
  timestamp = {2009-10-13T16:50:46.000+0200},
  title = {Introduction to Graph Theory},
  year = 2000
}


